@inproceedings{schulz:05,
 author = {Martin Schulz},
 title = {Extracting Critical Path Graphs from {MPI} Applications},
 booktitle = {IEEE Cluster},
 month={Sep},
 year = {2005},
 }

@INPROCEEDINGS{boehme:12,
author={Boehme, D. and Wolf, F. and de Supinski, B.R. and Schulz, M. and Geimer, M.},
booktitle={International Parallel and Distributed Processing Symposium},
title={Scalable Critical-Path Based Performance Analysis},
year={2012},
month={May}
}

@misc{CORAL,
    title = {{C}ollaboration of {O}ak {R}idge, {A}rgonne, and {Livermore}
        Benchmark Codes},
    note = {\url{https://asc.llnl.gov/CORAL-benchmarks}},
    key={CORAL}
}

@misc{Curie,
    title = {Curie supercomputer},
    note = {\url{http://www-hpc.cea.fr/en/complexe/tgcc-curie.htm}}
}



@misc{proxy,
  title = {{LLNL} {ASC} {P}roxy {A}pps},
  note = {\url{https://codesign.llnl.gov/proxy-apps.php}}
}

@article{adalsteinsson:10,
 author = {Adalsteinsson, Helgi and Cranford, Scott and Evensky, David A. and Kenny, Joseph P. and Mayo, Jackson and Pinar, Ali and Janssen, Curtis L.},
 title = {A Simulator for Large-Scale Parallel Computer Architectures},
 journal = {Int. J. Distrib. Syst. Technol.},
 issue_date = {April 2010},
 volume = {1},
 number = {2},
 month = apr,
 year = {2010},
 pages = {57--73}
}

@INPROCEEDINGS{ rountree:07,
	AUTHOR = {Barry Rountree and David K. Lowenthal and Shelby Funk and Vincent W. Freeh and Bronis {de Supinski} and Martin Schulz}, 
	TITLE = {Bounding Energy Consumption in Large-Scale {MPI} Programs},
	BOOKTITLE = {Supercomputing},
	month = Nov,
	YEAR= 2007,
	comment= {}}

@INPROCEEDINGS{yan:04a,
	AUTHOR = {Haijin Yan and Rupa Krishnan and Scott A. Watterson
                  and David K. Lowenthal and Kang Li and Larry L. Peterson}, 
	TITLE = {Client-Centered Energy and Delay Analysis for {TCP}
                  Downloads}, 
	BOOKTITLE = {IEEE International
                  Workshop on Quality of Service}, 
	month = Jun,
	YEAR= 2004,
	comment= {}}

@INPROCEEDINGS{yan:04b,
	AUTHOR = {Haijin Yan and Rupa Krishnan and Scott A. Watterson
                  and David K. Lowenthal},
	TITLE = {Client-Centered Energy Savings for Concurrent {HTTP}
                  Connections}, 
	BOOKTITLE = {ACM Workshop on Networks
                  and Operating System Support for Digital Audio and Video},
	month = Jun,
	YEAR= 2004,
	comment= {}}

@INPROCEEDINGS{yan:05,
	AUTHOR = {Haijin Yan and David K. Lowenthal and Kang Li}, 
	TITLE = {ACE: {An} Active, Client-Directed Technique for
                  Reducing {WNIC} Energy During Web Browsing},   
	BOOKTITLE = {ACM Workshop on Networks
                  and Operating System Support for Digital Audio and Video},
	month = Jun,
	YEAR= 2005,
	comment= {}}

@Article{freeh:07,
  author = 	 {Vincent W. Freeh and David K. Lowenthal and 
                  Feng Pan and Robert Springer and
                  and Nandini Kappiah and Barry
                  Rountree and Mark E. Femal},
  title = 	 {Analyzing the Energy-Time Tradeoff in
                  High-Performance Computing Applications},
  journal = 	 {IEEE Transactions on Parallel and
                  Distributed Systems},
  volume = {18},
  number = {6},
  year = {2007},
  pages = {838-848}
}

@InProceedings{freeh:05a,
      author =   {Vincent W. Freeh and Feng Pan and David K. Lowenthal 
                    and Nandani Kappiah},
        title =    {Using Multiple Energy Gears in {MPI} Programs on a
                  Power-Scalable Cluster}, 
        booktitle ={ACM Symposium on Principles and Practices of
                  Parallel Programming},
        year =     2005,
        month =    Jun
}

@InProceedings{freeh:05b,
  author =       {Vincent W. Freeh and David K. Lowenthal and Rob
                  Springer and Feng Pan and Nandani Kappiah},
  title =        {Exploring the Energy-Time Tradeoff in MPI Programs on a
  Power-Scalable Cluster},
  booktitle =    {International Parallel and Distributed Processing Symposium},
  year =         2005,
  month =        apr
}


@InProceedings{kappiah:05,
      author =   {Nandani Kappiah and Vincent W. Freeh and David K. Lowenthal},
        title =    {Just In Time Dynamic Voltage Scaling: Exploiting Inter-Node Slack to 
                    Save Energy in {MPI} Programs},
        booktitle ={Supercomputing},
        year =     2005,
        month =    Nov
}
@INPROCEEDINGS{ karwande:03,
	AUTHOR = {Amit Karwande and Xin Yuan and David K. Lowenthal},
	TITLE = {{CC-MPI}: A Compiled Communication Capable {MPI} Prototype for Ethernet Switched Clusters.},
	BOOKTITLE = {ACM Symposium on Principles and Practice of Parallel Programming},
	month = Jun,
	YEAR= 2003,
	comment= {}}

@INPROCEEDINGS{ weatherly:03,
        AUTHOR = {D. Brent Weatherly and David K. Lowenthal and
                  Mario Nakazawa and Franklin Lowenthal},
        TITLE = {Dyn-{MPI}: Supporting {MPI} on Non Dedicated Clusters},
        BOOKTITLE = {Supercomputing},
        month = Nov,
        YEAR= 2003,
        comment= {}}

@INPROCEEDINGS{ nakazawa:05,
        AUTHOR = {Mario Nakazawa and David K. Lowenthal and Wenduo Zhou},
        TITLE = {The {MHETA} Execution Model for Heterogeneous
                  Clusters},
	BOOKTITLE = {Supercomputing},
	editor = {},
	organization = {},
	publisher = {},
	address = {},
	pages = {},
	month = Nov,
	YEAR= 2005,
	comment= {}}

@TECHREPORT{ nakazawa-tr:04b, 
        AUTHOR = {Mario Nakazawa and David K. Lowenthal and Franklin Lowenthal},
        TITLE = {Efficient Data Distributions for Heterogeneous
                  Clusters},
        INSTITUTION = {University of Georgia},
        type = "Technical Report",
        month = Feb,
        YEAR= 2004,
        comment= {}}

@INPROCEEDINGS{ gundlach:04,
	AUTHOR = {Michael Gundlach and Sarah Doster and David
                  K. Lowenthal and Scott A. Watterson and Surendar
                  Chandra},
	TITLE = {A Power-Aware Scheduler for Streaming Multimedia
                  Clients},
	BOOKTITLE = {International Conference on Parallel Processing},
	month = Aug,
	YEAR= 2004,
	comment= {}}

@INPROCEEDINGS{ mccreary:05,
	AUTHOR = {Doug McCreary and Kang Li and Scott A. Watterson and
                  David K. Lowenthal}, 
	TITLE = {{TCP-RC}: a receiver-centered {TCP} protocol for
                  delay-sensitive applications},
	BOOKTITLE = {Multimedia Computing and Networking},
	month = Jan,
	YEAR= 2005,
	comment= {}}

@article{ yan:06,
    author = "Haijin Yan and Rupa Krishnan and Scott A. Watterson and David K. Lowenthal and
Kang Li and Larry L. Peterson",
    title = "Client-Centered, Energy-Efficient Wireless Communication
                  on {IEEE} 802.11b Networks",
    journal = "IEEE Transactions on Mobile Computing",
    YEAR= 2006
}

@INPROCEEDINGS{ bentley:04,
	AUTHOR = {Chris Bentley and Scott A. Watterson and David
                  K. Lowenthal and Barry Rountree},
	TITLE = {Implicit Java Array Bounds Checking on 64-bit Architectures},
	BOOKTITLE = {ACM International Conference on Supercomputing},
	month = Jun,
	YEAR= 2004,
	comment= {}}


@article{ bentley:06,
	AUTHOR = {Chris Bentley and Scott A. Watterson and David
                  K. Lowenthal and Barry Rountree},
	TITLE = {Implicit Array Bounds Checking on 64-bit Architectures},
        journal = "ACM Transactions on Architecture and Code Optimization",
    YEAR= 2006
}

@INPROCEEDINGS{ veal:05,
	AUTHOR = {Bryan Veal and Kang Li and David K. Lowenthal},
	TITLE = {New Methods for Passive Estimation of {TCP} Round-Trip Times},
	BOOKTITLE = {Workshop on Passive and Active Measurement},
	month = Mar,
	YEAR= 2005,
	comment= {}}

@INPROCEEDINGS{ barnes:08,
	AUTHOR = {Bradley Barnes and Barry Rountree and David
                  K. Lowenthal and Jaxk Reeves and Bronis {de Supinski} and Martin Schulz},
	TITLE = {A Regression-Based Approach to Scalability Prediction},
	BOOKTITLE = {International Conference on Supercomputing},
	month = Jun,
	YEAR= 2008,
	comment= {}}

@INPROCEEDINGS{ zhou:06,
        AUTHOR = {Wenduo Zhou and David K. Lowenthal},
        TITLE = {A Parallel, Out-of-Core Algorithm for {RNA} 
                 Secondary Structure Prediction},
	BOOKTITLE = {IEEE International Conference on Parallel
                  Processing},
	month = Aug,
	YEAR= 2006,
	comment= {}}

@UNPUBLISHED{ rountree:08,
	AUTHOR = {Barry Rountree and David K. Lowenthal and Shelby Funk and Bronis {de Supinski} and Martin Schulz and Vincent W. Freeh and Tyler Bletsch},
	TITLE = {Adagio: {M}aking {DVS} Practical for Complex {HPC} Applications (submitted to Supercomputing 2008)},
	month = Apr,
	year = 2008,
	COMMENT = {}}



@inproceedings{rountree:09,
    author = {B. Rountree and D. Lowenthal and B.R. de Supinski and M. Schulz and V. Freeh and T. Bletch},
    title  = {{Adagio: Making {DVS} Practical for Complex HPC Applications}},
        BOOKTITLE = "International Conference on Supercomputing",
        YEAR      = 2009,
        MONTH     = jun
}

@INPROCEEDINGS{ morris:01,
        AUTHOR = {Donald G. Morris and David K. Lowenthal},
        TITLE = {Accurate Data Redistribution Cost
        Estimation in Software Distributed Shared Memory Systems},
        BOOKTITLE = {Principles and Practice of Parallel Programming},
        editor = {},
        organization = {},
        publisher = {},
        address = {},
        pages = {62--71},
        month = Jun,
        YEAR= 2001,
        comment= {}}
@INPROCEEDINGS{ barnes:10,
        AUTHOR = {Brad Barnes and Jeonifer Garren and  David K. Lowenthal and Jaxk Reeves and Bronis {de Supinski} and Martin Schulz and Barry Rountree},
        TITLE = {Using Focused Regression for Accurate Time-Constrained Scaling of Scientific Applications},
        BOOKTITLE = {IEEE International Parallel and Distributed Processing Symposium},
        month = Apr,
        YEAR= 2010,
        comment= {}}

@inproceedings{marathe:11,
  author    = {Aniruddha Marathe and
               David K. Lowenthal and
               Zheng Gu and
               Matthew Small and
               Xin Yuan},
  title     = {Profile Guided {MPI} Protocol Selection for Point-to-Point
               Communication Calls},
  booktitle = {Workshop on Communication Architectures for Scalable Systems},
  month = may,
  year      = {2011},
}

@UNPUBLISHED{ smith:16,
	AUTHOR = {Staci Anne Smith and David K. Lowenthal and Abhinav Bhatele and Jayaraman J.~Thiagarajan and Peer-Timo Bremer and Yarden Livnat},
	TITLE = {Analyzing Inter-Job Contention in Dragonfly Networks},
        note = {\url{http://www.cs.arizona.edu/~smiths949/dragonfly.pdf}}}

@misc{cab,
  title = {{Cab: Intel Xeon system in Livermore Computing}},
  HowPublished = {\url{http://computation.llnl.gov/computers/cab}}
}

@INPROCEEDINGS{ savoie:18,
	AUTHOR = {Lee Savoie and David K. Lowenthal and Bronis de Supinski and Kathyrn Mohrer},
	TITLE = {A Study of Network Quality of Service in Many-Core MPI Applications},
	BOOKTITLE = {Workshop on Run-Time and Operating Systems for the Many-Core Era},
	month = May,
	YEAR= 2018,
	comment= {}}

@inproceedings{ smith:18,
	AUTHOR = {Staci Anne Smith and Clara E. Cromey and David K. Lowenthal and Jens Domke and Nikhil Jain and Jayaraman J. Thiagarajan and Abhinav Bhatele},
	TITLE = {Mitigating Inter-Job Interference Using Adaptive Flow-Aware Routing},
	BOOKTITLE = {Proceedings of the International Conference for
High Performance Computing, Networking, Storage and Analysis, SC'18},
        month = Nov,
        year = {2018}}

@inproceedings{rountree:11,
    author = {B. Rountree and D. Lowenthal and M. Schulz and B.R. de Supinski},
    title  = {Practical Performance Prediction Under Dynamic Voltage Frequency Scaling},
        BOOKTITLE = "International Green Computing Conference",
        MONTH     = jul,
        YEAR      = 2011
}

@inproceedings{rountree:12,
  author    = {Barry Rountree and
               Dong H. Ahn and
               Bronis R. de Supinski and
               David K. Lowenthal and
               Martin Schulz},
  title     = {Beyond DVFS: A First Look at Performance under a Hardware-Enforced
               Power Bound},
  booktitle = {Workshop on High-Performance, Power-Aware Computing},
  month = {may},
  year      = {2012}
}

@inproceedings{marathe:14,
 author = {Marathe, Aniruddha and Harris, Rachel and Lowenthal, David and de Supinski, Bronis R. and Rountree, Barry and Schulz, Martin},
 title = {Exploiting Redundancy for Cost-effective, Time-constrained Execution of HPC Applications on Amazon EC2},
 booktitle = {International Symposium on High-performance Parallel and Distributed Computing},
 year = {2014},
 month = jun,
 pages = {279--290}
}

@inproceedings{bailey:15,
  author    = {Peter E. Bailey and
               Aniruddha Marathe and
               David K. Lowenthal and
               Barry Rountree and
               Martin Schulz},
  title     = {Finding the limits of power-constrained application performance},
  booktitle = {Supercomputing},
  month     = Nov,
  year      = {2015}
}

@inproceedings{marathe:13,
 author = {Marathe, Aniruddha and Harris, Rachel and Lowenthal, David K. and de Supinski, Bronis R. and Rountree, Barry and Schulz, Martin and Yuan, Xin},
 title = {A Comparative Study of High-performance Computing on the Cloud},
 booktitle = {International Symposium on High-performance Parallel and Distributed Computing},
 year = {2013},
 month = jun,
 pages = {239--250}
} 

@inproceedings{savoie:16,
  author    = {Lee Savoie and
               David K. Lowenthal and
               Bronis R. de Supinski and
               Tanzima Islam and
               Kathryn Mohror and
               Barry Rountree and
               Martin Schulz},
  title     = {{I/O} Aware Power Shifting},
  booktitle = {International Parallel and Distributed Processing Symposium},
  pages     = {740--749},
  month = {May},
  year      = {2016}
}

@INPROCEEDINGS{ patki:15,
        AUTHOR = {Tapasya Patki and Anjana Sasidharan and Matthias Melarth and David K. Lowenthal and Barry Rountree and Martin Schulz and Bronis de Supinski},
        TITLE = {{Practical Resource Management in Power-Constrained, High Performance Computing}},
        BOOKTITLE = {High-Performance Distributed Computing},
        editor = {},
        organization = {},
        publisher = {},
        address = {},
        pages = {},
        month = Jun,
        YEAR= 2015,
        comment= {}}

@inproceedings{inadomi:15,
  author    = {Yuichi Inadomi and
               Tapasya Patki and
               Koji Inoue and
               Mutsumi Aoyagi and
               Barry Rountree and
               Martin Schulz and
               David K. Lowenthal and
               Yasutaka Wada and
               Keiichiro Fukazawa and
               Masatsugu Ueda and
               Masaaki Kondo and
               Ikuo Miyoshi},
  title     = {Analyzing and mitigating the impact of manufacturing variability in power-constrained supercomputing},
  booktitle = {Supercomputing},
  month = Nov,
  year      = {2015}
}

@article{dragonfly,
        Address = {New York, NY, USA},
        Author = {Kim, John and Dally, Wiliam J. and Scott, Steve and Abts, Dennis},
        Issue = {3},
        Journal = {SIGARCH Comput. Archit. News},
        Month = {June},
        Numpages = {12},
        Pages = {77--88},
        Publisher = {ACM},
        Title = {Technology-Driven, Highly-Scalable Dragonfly Topology},
        Volume = {36},
        Year = {2008}}

@inproceedings{shao:06,
  author    = {Shuyi Shao and
               Alex K. Jones and
               Rami G. Melhem},
  title     = {A compiler-based communication analysis approach for multiprocessor systems},
  booktitle = {International Parallel and Distributed Processing Symposium},
  month = {April},
  year      = {2006}
}

@inproceedings{mcpherson:14,
  author    = {Andrew J. McPherson and
               Vijay Nagarajan and
               Marcelo Cintra},
  title     = {Static Approximation of {MPI} Communication Graphs for Optimized Process Placement},
  booktitle = {Workshop on Languages and Compilers for Parallel Computing},
  pages     = {268--283},
  month = {Sep},
  year      = {2014}
}

@inproceedings{aananthakrishnan:13,
 author = {Aananthakrishnan, Sriram and Bronevetsky, Greg and Gopalakrishnan, Ganesh},
 title = {Hybrid Approach for Data-flow Analysis of MPI Programs},
 booktitle = {International Conference on Supercomputing},
 month = {June},
 year = {2013},
} 

@inproceedings{preissl:08,
 author = {Preissl, Robert and K\"{o}ckerbauer, Thomas and Schulz, Martin and Kranzlm\"{u}ller, Dieter and Supinski, Bronis R.  de and Quinlan, Daniel J.},
 title = {Detecting Patterns in MPI Communication Traces},
 booktitle = {International Conference on Parallel Processing},
 month = {September},
 year = {2008}
}

@article{preissl:10,
 author = {Preissl, Robert and Schulz, Martin and Kranzlm\"{u}ller, Dieter and de Supinski, Bronis R. and Quinlan, Daniel J.},
 title = {Transforming {MPI} Source Code Based on Communication Patterns},
 journal = {Future Gener. Comput. Syst.},
 issue_date = {January, 2010},
 volume = {26},
 number = {1},
 month = jan,
 year = {2010}
} 

@inproceedings{hoefler:12,
 author = {Hoefler, Torsten and Schneider, Timo},
 title = {Runtime Detection and Optimization of Collective Communication Patterns},
 booktitle = {International Conference on Parallel Architectures and Compilation Techniques},
 month = {September},
 year = {2012}
}

@ARTICLE{Elnozahy02SurveyRollbackRecovery,
  author = {Elmootazbellah N. Elnozahy and Lorenzo Alvisi and Yi-Min Wang and
        David B. Johnson},
  title = {A Survey of Rollback-recovery Protocols in Message-passing Systems},
  journal = {ACM Computing Surveys},
  year = {2002},
  volume = {34},
  pages = {375--408},
  number = {3},
  address = {New York, NY},
  doi = {http://doi.acm.org/10.1145/568522.568525},
  issn = {0360-0300},
  publisher = {ACM Press}
}

@inproceedings{leon:16,
 author = {Le\'{o}n, Edgar A. and Karlin, Ian and Bhatele, Abhinav and Langer, Steven H. and Chambreau, Chris and Howell, Louis H. and D'Hooge, Trent and Leininger, Matthew L.},
 title = {Characterizing Parallel Scientific Applications on Commodity Clusters: An Empirical Study of a Tapered Fat-tree},
 booktitle = {Supercomputing 2016},
 month= {Nov},
 year = {2016}
}

@INPROCEEDINGS{ jain:17,
	AUTHOR = {Nikhil Jain and Abhinav Bhatele and Louis Howell and David Bohme and Ian Karlin and Edgar Leon and Misbah Mubarak and Noah Wolfe and Todd Gamblin and Matthew Leininger}, 
	TITLE = {Predicting the performance impact of different
fat-tree configurations},
	BOOKTITLE = {Supercomputing 2017},
	month = Nov,
	YEAR= 2017
}

@article{collberg:16,
 author = {Collberg, Christian and Proebsting, Todd A.},
 title = {Repeatability in Computer Systems Research},
 journal = {Commun. ACM},
 issue_date = {March 2016},
 volume = {59},
 number = {3},
 month = feb,
 year = {2016},
 pages = {62--69}
}

@inproceedings{jimenez:15,
 author = {Jimenez, Ivo and Maltzahn, Carlos and Lofstead, Jay and Moody, Adam and Mohror, Kathryn and Arpaci-Dusseau, Remzi and Arpaci-Dusseau, Andrea},
 title = {Tackling the Reproducibility Problem in Storage Systems Research with Declarative Experiment Specifications},
 booktitle = {Proceedings of the 10th Parallel Data Storage Workshop},
 month = Nov,
 year = {2015}
} 

@INPROCEEDINGS{ferreira-sc08,
  author={K. B. Ferreira and P. Bridges and R. Brightwell},
  booktitle={Supercomputing 2008},
  title={Characterizing application sensitivity to OS interference using kernel-level noise injection},
  year={2008},
  month={Nov}
}

@inproceedings{PeKePa03,
        Author = {Petrini, Fabrizio and Kerbyson, Darren J. and Pakin, Scott},
        booktitle={Supercomputing 2003},
        Title = {{The Case of the Missing Supercomputer Performance: Achieving Optimal Performance on the 8,192 Processors of ASCI Q}},
	month= Nov,
        Year = {2003}}

@inproceedings{HoScLu10,
        Author = {T. Hoefler and T. Schneider and A. Lumsdaine},
        booktitle={Supercomputing 2010},
        Month = {Nov.},
        Title = {{Characterizing the Influence of System Noise on Large-Scale Applications by Simulation}},
        Year = {2010}}

@misc{exascale-power,
  title = {The U.S. D.O.E. Exascale Computing Project–--Goals and Challenges},
  note = {\url{https://www.nist.gov/sites/default/files/documents/2017/02/21/messina_nist_20170214.final_.pdf}}
}

